<?xml version="1.0" encoding="UTF-8"?><collection xmlns="http://www.loc.gov/MARC21/slim"><record><leader>00375nam--2200121-i-4500</leader><controlfield tag="001">000022213</controlfield><controlfield tag="002">20161230</controlfield><controlfield tag="005">20161230201034</controlfield><controlfield tag="008">060222s1000------------r-----000-0-eng-d</controlfield><datafield ind1=" " ind2=" " tag="100"><subfield code="a">Huet, J.J., Van Geel, J</subfield></datafield><datafield ind1=" " ind2=" " tag="245"><subfield code="a">Stabilisation du monocarbure d`uranium et production de carbure monophase</subfield></datafield><datafield ind1=" " ind2=" " tag="260"><subfield code="a">Brussel, Studicentrum Voor Kernenergie, 1963, 12 P.+ 5 Fig</subfield></datafield><datafield ind1=" " ind2=" " tag="852"><subfield code="a">8906</subfield></datafield></record></collection>